<?xml version="1.0" encoding="UTF-8"?><collection xmlns="http://www.loc.gov/MARC21/slim"><record><leader>00582nam--2200193-i-4500</leader><controlfield tag="001">000044545</controlfield><controlfield tag="002">20161230</controlfield><controlfield tag="005">20170306151214</controlfield><controlfield tag="008">060222s1000------------r-----000-0-fre-d</controlfield><datafield ind1=" " ind2=" " tag="040"><subfield code="a">IFIN-HH</subfield></datafield><datafield ind1=" " ind2=" " tag="041"><subfield code="a">fre</subfield></datafield><datafield ind1=" " ind2=" " tag="080"><subfield code="a">536.7</subfield></datafield><datafield ind1="1" ind2=" " tag="100"><subfield code="a">Arzelies, Henri</subfield></datafield><datafield ind1="1" ind2="0" tag="245"><subfield code="a">Thermodynamique relativiste et quantique</subfield><subfield code="b">Fascicule i etats d'equilibre transformations quasi stitiques [dites reversibles]</subfield><subfield code="c">Henri Arzelies</subfield></datafield><datafield ind1=" " ind2=" " tag="260"><subfield code="a">Paris</subfield><subfield code="b">Gauthier-Villars, Editeur</subfield><subfield code="c">1968</subfield></datafield><datafield ind1=" " ind2=" " tag="300"><subfield code="a">704P</subfield></datafield><datafield ind1=" " ind2="0" tag="490"><subfield code="a">Etudes Relativistes</subfield></datafield><datafield ind1=" " ind2=" " tag="852"><subfield code="a">30769</subfield><subfield code="c">536.7</subfield></datafield><datafield ind1=" " ind2=" " tag="CAT"><subfield code="a">SYS</subfield><subfield code="c">20170306</subfield><subfield code="h">151214</subfield></datafield></record></collection>